@misc{ros2humble,
  author       = {{Open Robotics}},
  title        = {{ROS 2 Documentation: Humble Hawksbill}},
  year         = {2022},
  howpublished = {\url{https://docs.ros.org/en/humble/index.html}},
  note         = {Accessed: 2025-05-08}
}

@misc{stereolabs_zed2i,
  author       = {{Stereolabs}},
  title        = {{ZED 2i Stereo Camera}},
  year         = {2022},
  howpublished = {\url{https://www.stereolabs.com/en-ae/store/products/zed-2i}},
  note         = {Accessed: 2025-05-08}
}

@misc{b3,
  author       = {{RoboSense}},
  title        = {{RS-Helios LiDAR Series}},
  howpublished = {\url{https://www.robosense.ai/en/rslidar/Helios}},
  year         = {2022},
  note         = {Accessed: 2025-05-08}
}

@misc{b4,
  author       = {{NVIDIA Corporation}},
  title        = {{Jetson AGX Orin Series Technical Brief}},
  howpublished = {\url{https://www.nvidia.com/content/dam/en-zz/Solutions/gtcf21/jetson-orin/nvidia-jetson-agx-orin-technical-brief.pdf}},
  year         = {2021},
  note         = {Accessed: 2025-05-08}
}

@techreport{b5,
  author       = {Maria Isabel Ribeiro},
  title        = {Kalman and Extended Kalman Filters: Concept, Derivation and Properties},
  institution  = {Institute for Systems and Robotics, Instituto Superior Técnico},
  year         = {2004},
  url          = {https://omni.isr.ist.utl.pt/~mir/pub/kalman.pdf},
  note         = {Accessed: 2025-05-08}
}

@misc{b6,
  author       = {{ROS 2 Industrial Workshop}},
  title        = {{ROS 2 Cartographer Documentation}},
  howpublished = {\url{https://ros2-industrial-workshop.readthedocs.io/en/latest/_source/navigation/ROS2-Cartographer.html}},
  year         = {2021},
  note         = {Accessed: 2025-05-08}
}

@misc{b7,
  author       = {{ROS.org}},
  title        = {{robot\_localization Package Documentation}},
  howpublished = {\url{https://docs.ros.org/en/melodic/api/robot_localization/html/state_estimation_nodes.html}},
  year         = {2018},
  note         = {Accessed: 2025-05-08}
}


@inproceedings{b8,
  author    = {Martin Ester and Hans-Peter Kriegel and Jörg Sander and Xiaowei Xu},
  title     = {A Density-Based Algorithm for Discovering Clusters in Large Spatial Databases with Noise},
  booktitle = {Proceedings of the Second International Conference on Knowledge Discovery and Data Mining (KDD)},
  pages     = {226--231},
  year      = {1996},
  url       = {https://dl.acm.org/doi/10.5555/3001460.3001507}
}

@article{b9,
  author  = {Erich Schubert and Jörg Sander and Martin Ester and Hans-Peter Kriegel and Xiaowei Xu},
  title   = {DBSCAN Revisited, Revisited: Why and How You Should (Still) Use DBSCAN},
  journal = {ACM Transactions on Database Systems},
  volume  = {42},
  number  = {3},
  pages   = {1--21},
  year    = {2017},
  doi     = {10.1145/3068335},
  url     = {https://dl.acm.org/doi/10.1145/3068335}
}

@article{b10,
  author  = {Niclas Vödisch and David Dodel and Michael Schötz},
  title   = {FSOCO: The Formula Student Objects in Context Dataset},
  journal = {SAE International Journal of Connected and Automated Vehicles},
  volume  = {5},
  number  = {1},
  pages   = {12-05-01-0003},
  year    = {2022},
  doi     = {10.4271/12-05-01-0003},
  url     = {https://www.researchgate.net/publication/357829332_FSOCO_The_Formula_Student_Objects_in_Context_Dataset}
}

@misc{b11,
  author       = {Trdaxy},
  title        = {Fsoco-no-unknown Dataset},
  howpublished = {\url{https://www.kaggle.com/datasets/trdaxy/fsoco-no-unknown}},
  year         = {2022},
  note         = {Accessed: 2025-05-08}
}

@misc{b12,
  author       = {Lorenzo Della Giustina},
  title        = {Fsoco Bounding Boxes YOLO Dataset},
  howpublished = {\url{https://www.kaggle.com/datasets/dellagiustinalorenzo/fsoco-bounding-boxes-yolo}},
  year         = {2022},
  note         = {Accessed: 2025-05-08}
}

@inproceedings{b13,
  author    = {Özgür Kaplan and Ediz Şaykol},
  title     = {Comparison of Support Vector Machines and Deep Learning for Vehicle Detection},
  booktitle = {Proceedings of the International Conference on Computer Science and Engineering (UBMK)},
  pages     = {1--5},
  year      = {2018},
  url       = {https://ceur-ws.org/Vol-2280/paper-09.pdf}
}

@inproceedings{b14,
  author    = {Matthias Pollach and Felix Schiegg and Alois Knoll},
  title     = {Low Latency and Low-Level Sensor Fusion for Automotive Use-Cases},
  booktitle = {2020 IEEE International Conference on Robotics and Automation (ICRA)},
  pages     = {6780--6786},
  year      = {2020},
  doi       = {10.1109/ICRA40945.2020.9197336}
}

@article{b15,
  author  = {Mel Siegel and Huadong Wu},
  title   = {Confidence Fusion},
  journal = {IEEE Instrumentation \& Measurement Magazine},
  volume  = {5},
  number  = {3},
  pages   = {35--40},
  year    = {2002},
  doi     = {10.1109/MIM.2002.1032420}
}

@techreport{b16,
  author      = {R. Craig Coulter},
  title       = {Implementation of the Pure Pursuit Path Tracking Algorithm},
  institution = {Carnegie Mellon University Robotics Institute},
  year        = {1992},
  url         = {https://www.ri.cmu.edu/pub_files/pub4/coulter_ronald_craig_1992_1/coulter_ronald_craig_1992_1.pdf},
  note        = {Accessed: 2025-05-08}
}

@inproceedings{b17,
author = {Alzyout, Mohammad and al Nounou, Abd Alrahman and Tikkisetty, Yashwanth and Alawneh, Shadi},
year = {2024},
month = {04},
pages = {},
title = {Performance Analysis of LiDAR Data Processing on Multi-Core CPU and GPU Architectures},
doi = {10.1109/ICMI60790.2024.10586050}
}

@article{b18,
  author    = {Sura Nawfal and Fakhrulddin Ali},
  title     = {The Acceleration of 3D Graphics Transformations Based on CUDA},
  journal   = {Journal of Engineering, Design and Technology},
  year      = {2018},
  volume    = {16},
  number    = {6},
  pages     = {925--937},
  doi       = {10.1108/JEDT-04-2018-0072},
  publisher = {Emerald Publishing Limited},
  url       = {https://doi.org/10.1108/JEDT-04-2018-0072}
}
